<record><leader>00000cas a22000007a 4500</leader><controlfield tag="001">16402154</controlfield><controlfield tag="008">870807c19869999iluwr ne      0   a0eng d</controlfield><datafield ind1=" " ind2=" " tag="010"><subfield code="a">sn 87001472 </subfield></datafield><datafield ind1=" " ind2=" " tag="040"><subfield code="a">NSD</subfield><subfield code="b">eng</subfield><subfield code="c">NSD</subfield><subfield code="d">OCL</subfield><subfield code="d">OCLCQ</subfield></datafield><datafield ind1=" " ind2=" " tag="012"><subfield code="l">1</subfield><subfield code="m">x</subfield></datafield><datafield ind1="1" ind2=" " tag="022"><subfield code="a">0895-0121</subfield><subfield code="l">0895-0121</subfield><subfield code="2">1</subfield></datafield><datafield ind1=" " ind2=" " tag="032"><subfield code="a">422000</subfield><subfield code="b">USPS</subfield></datafield><datafield ind1=" " ind2=" " tag="037"><subfield code="b">Des Plaines Pub. Co., 1000 Executive Way, Des Plaines, IL 60018</subfield></datafield><datafield ind1=" " ind2=" " tag="042"><subfield code="a">nsdp</subfield></datafield><datafield ind1=" " ind2="0" tag="222"><subfield code="a">Niles edition of the Times herald</subfield></datafield><datafield ind1="0" ind2="0" tag="245"><subfield code="a">Niles edition of the Times herald.</subfield></datafield><datafield ind1="1" ind2="3" tag="246"><subfield code="a">Niles times herald</subfield></datafield><datafield ind1="1" ind2="3" tag="246"><subfield code="a">Times herald</subfield></datafield><datafield ind1=" " ind2=" " tag="260"><subfield code="a">Des Plaines, IL :</subfield><subfield code="b">Des Plaines Pub. Co.</subfield></datafield><datafield ind1=" " ind2=" " tag="300"><subfield code="a">v.</subfield></datafield><datafield ind1=" " ind2=" " tag="310"><subfield code="a">Weekly</subfield></datafield><datafield ind1="1" ind2=" " tag="362"><subfield code="a">Began in Nov. 1986?</subfield></datafield><datafield ind1=" " ind2=" " tag="500"><subfield code="a">Title varies, &lt;May-July 8&gt;, 1987: Niles times herald.</subfield></datafield><datafield ind1=" " ind2=" " tag="588"><subfield code="a">Description based on: Vol. 101, no. 32 (Wednesday, Aug. 12, 1987).</subfield></datafield><datafield ind1=" " ind2=" " tag="752"><subfield code="a">United States</subfield><subfield code="b">Illinois</subfield><subfield code="c">Cook</subfield><subfield code="d">Des Plaines.</subfield></datafield><datafield ind1="1" ind2=" " tag="787"><subfield code="t">Park Ridge edition of the Times herald</subfield><subfield code="x">0895-013X</subfield><subfield code="w">(DLC)sn 87001473</subfield><subfield code="w">(OCoLC)16401826</subfield></datafield></record>